@book{王广宇2013客户关系管理,
  title     ={客户关系管理},
  author    ={王广宇},
  year      ={2013},
  address   = {北京},
  publisher={清华大学出版社},
}

@phdthesis{强化学习中离策略算法的分析和研究,
  title={强化学习中离策略算法的分析和研究},
  author={傅启明},
  year={2014},
  address   = {苏州},
  school={苏州大学}
}
@phdthesis{陈桂兴2014强化学习中值函数逼近方法的研究,
  title={强化学习中值函数逼近方法的研究},
  author={陈桂兴},
  year={2014},
  address   = {苏州},
  school={苏州大学}
}
@phdthesis{2016连续空间强化学习研究,
  title={连续空间强化学习研究},
  author={张春元},
  year={2016},
  address   = {成都},
  school={电子科技大学}
}
@phdthesis{2016面向强化学习的模型学习算法研究,
  title={面向强化学习的模型学习算法研究},
  author={周谊成},
  year={2016},
  address   = {苏州},
  school={苏州大学}
}
@phdthesis{强化学习中值函数逼近方法的研究,
  title={强化学习中值函数逼近方法的研究},
  author={ 陈桂兴},
  year={2014},
  address   = {苏州},
  school={苏州大学}
}

@article{张文旭2017基于事件驱动的多智能体强化学习研究,
  title={基于事件驱动的多智能体强化学习研究},
  author={张文旭 and 马磊 and 王晓东},
  year={2017},
  address   = {哈尔滨},
  journal={智能系统学报}
}
@article{tsitsiklis1994asynchronous,
  title={Asynchronous stochastic approximation and Q-learning},
  author={Tsitsiklis, John N},
  journal={Machine Learning},
  volume={16},
  number={3},
  pages={185--202},
  year={1994}
}

@inproceedings{macek2002reinforcement,
  title={A reinforcement learning approach to obstacle avoidance of mobile robots},
  author={Macek, Kristijan and PetroviC, Ivan and Peric, N},
  booktitle={Proceedings of the 7th International Workshop on Advanced Motion Control},
  pages={462--466},
  year={2002}
}

@inproceedings{boutilier2016budget,
  title={Budget Allocation using Weakly Coupled, Constrained Markov Decision Processes.},
  author={Boutilier, Craig and Lu, Tyler},
  booktitle={Proceedings of the 32nd International Conference on Uncertainty in Artificial Intelligence},
  pages={52--61},
  year={2016}
}

@article{guo2015survey,
  title={A survey on semi-Markov decision processes},
  author={GUO, XianPing and HUANG, YongHui},
  journal={Scientia Sinica Mathematica},
  volume={45},
  number={5},
  pages={477--496},
  year={2015},
  publisher={Science China Press}
}
@inproceedings{tesauro2006hybrid,
  title={A hybrid reinforcement learning approach to autonomic resource allocation},
  author={Tesauro, Gerald and Jong, Nicholas K and Das, Rajarshi and Bennani, Mohamed N},
  booktitle={Proceedings of the 3rd International Conference on Autonomic Computing},
  pages={65--73},
  year={2006}
}
@inproceedings{abe2002empirical,
  title={Empirical comparison of various reinforcement learning strategies for sequential targeted marketing},
  author={Abe, Naoki and Pednault, Edwin and Wang, Haixun and Zadrozny, Bianca and Fan, Wei and Apt{\'e}, Chidanand},
  booktitle={Proceedings of IEEE International Conference on Data Mining},
  pages={3--10},
  year={2002}
}
@article{mitik2017data,
  title={Data Mining Approach for Direct Marketing of Banking Products with Profit/Cost Analysis},
  author={Mitik, Merve and Korkmaz, Ozan and Karagoz, Pinar and Toroslu, Ismail Hakki and Yucel, Ferhat},
  journal={The Review of Socionetwork Strategies},
  volume={11},
  number={1},
  pages={17--31},
  year={2017},
  publisher={Springer}
}

@article{bahari2015efficient,
  title={An efficient CRM-data mining framework for the prediction of customer behaviour},
  author={Bahari, T Femina and Elayidom, M Sudheep},
  journal={Procedia computer science},
  volume={46},
  pages={725--731},
  year={2015},
  publisher={Elsevier},
}
@article{farquad2014churn,
  title={Churn prediction using comprehensible support vector machine: An analytical CRM application},
  author={Farquad, Mohammed Abdul Haque and Ravi, Vadlamani and Raju, S Bapi},
  journal={Applied Soft Computing},
  volume={19},
  pages={31--40},
  year={2014},
  publisher={Elsevier},
}
@book{linoff2011data,
  title={Data mining techniques: for marketing, sales, and customer relationship management},
  author={Linoff, Gordon S and Berry, Michael JA},
  year={2011},
  publisher={John Wiley \& Sons},
}
@article{chiang2018applying,
  title={Applying data mining for online CRM marketing strategy: an empirical case of coffee shop industry in Taiwan},
  author={Chiang, Wen-Yu},
  journal={British Food Journal},
  number={just-accepted},
  pages={00--00},
  year={2018},
  publisher={Emerald Publishing Limited},
}
@article{ballings2015crm,
  title={CRM in social media: Predicting increases in Facebook usage frequency},
  author={Ballings, Michel and Van den Poel, Dirk},
  journal={European Journal of Operational Research},
  volume={244},
  number={1},
  pages={248--260},
  year={2015},
  publisher={Elsevier}
}
@inproceedings{van2016deep,
  title={Deep Reinforcement Learning with Double Q-Learning.},
  author={Van Hasselt, Hado and Guez, Arthur and Silver, David},
  booktitle={Proceedings of the 30th AAAI Conference on Artificial Intelligence},
  pages={2094--2100},
  year={2016}
}
@inproceedings{mnih2016asynchronous,
  title={Asynchronous methods for deep reinforcement learning},
  author={Mnih, Volodymyr and Badia, Adria Puigdomenech and Mirza, Mehdi and Graves, Alex and Lillicrap, Timothy and Harley, Tim and Silver, David and Kavukcuoglu, Koray},
  booktitle={Proceedings of the 33rd International Conference on Machine Learning},
  pages={1928--1937},
  year={2016}
}
@article{lillicrap2015continuous,
  title={Continuous control with deep reinforcement learning},
  author={Lillicrap, Timothy P and Hunt, Jonathan J and Pritzel, Alexander and Heess, Nicolas and Erez, Tom and Tassa, Yuval and Silver, David and Wierstra, Daan},
  journal={arXiv preprint arXiv:1509.02971},
  year={2015}
}
@book{stone1988successful,
  title={Successful direct marketing methods},
  author={Stone, Bob and Jacobs, Ron},
  year={1988},
  publisher={NTC Business Books Lincolnwood, IL}
}
@article{bahnsen2015example,
  title={Example-dependent cost-sensitive decision trees},
  author={Bahnsen, Alejandro Correa and Aouada, Djamila and Ottersten, Bj{\"o}rn},
  journal={Expert Systems with Applications},
  volume={42},
  number={19},
  pages={6609--6619},
  year={2015},
  publisher={Elsevier}
}
@article{jiang2014cost,
  title={Cost-sensitive Bayesian network classifiers},
  author={Jiang, Liangxiao and Li, Chaoqun and Wang, Shasha},
  journal={Pattern Recognition Letters},
  volume={45},
  pages={211--216},
  year={2014},
  publisher={Elsevier}
}

@article{wong2005mining,
  title={Mining customer value: From association rules to direct marketing},
  author={Wong, Ke Wang and Zhou, Senqiang and Yang, Qiang and Yeung, Jack Man Shun},
  journal={Data Mining and Knowledge Discovery},
  volume={11},
  number={1},
  pages={57--79},
  year={2005},
  publisher={Springer}
}
@article{cui2012cost,
  title={Cost-sensitive learning via priority sampling to improve the return on marketing and CRM investment},
  author={Cui, Geng and Wong, Man Leung and Wan, Xiang},
  journal={Journal of Management Information Systems},
  volume={29},
  number={1},
  pages={341--374},
  year={2012},
  publisher={Taylor \& Francis}
}
@article{migueis2017predicting,
  title={Predicting direct marketing response in banking: comparison of class imbalance methods},
  author={Migu{\'e}is, Vera L and Camanho, Ana S and Borges, Jos{\'e}},
  journal={Service Business},
  volume={11},
  number={4},
  pages={831--849},
  year={2017},
  publisher={Springer}
}
@article{zakaryazad2016profit,
  title={A profit-driven Artificial Neural Network (ANN) with applications to fraud detection and direct marketing},
  author={Zakaryazad, Ashkan and Duman, Ekrem},
  journal={Neurocomputing},
  volume={175},
  pages={121--131},
  year={2016},
  publisher={Elsevier}
}
@article{hu2015cost,
  title={Cost-sensitive and ensemble-based prediction model for outsourced software project risk prediction},
  author={Hu, Yong and Feng, Bin and Mo, Xizhu and Zhang, Xiangzhou and Ngai, EWT and Fan, Ming and Liu, Mei},
  journal={Decision Support Systems},
  volume={72},
  pages={11--23},
  year={2015},
  publisher={Elsevier}
}
@article{kim2009new,
  title={A new marketing strategy map for direct marketing},
  author={Kim, Young Ae and Song, Hee Seok and Kim, Soung Hie},
  journal={Knowledge-Based Systems},
  volume={22},
  number={5},
  pages={327--335},
  year={2009},
  publisher={Elsevier}
}
@article{karim2013decision,
  title={Decision tree and naive bayes algorithm for classification and generation of actionable knowledge for direct marketing},
  author={Karim, Masud and Rahman, Rashedur M},
  journal={Journal of Software Engineering and Applications},
  volume={6},
  number={04},
  pages={196},
  year={2013},
  publisher={Scientific Research Publishing}
}
@inproceedings{alam2012actionable,
  title={Actionable knowledge mining from improved post processing decision trees},
  author={Alam, M and Alam, SA},
  booktitle={Proceedings of International Conference on Computing and Control Engineering},
  pages={1--8},
  year={2012}
}
@article{coussement2015improving,
  title={Improving direct mail targeting through customer response modeling},
  author={Coussement, Kristof and Harrigan, Paul and Benoit, Dries F},
  journal={Expert Systems with Applications},
  volume={42},
  number={22},
  pages={8403--8412},
  year={2015},
  publisher={Elsevier}
}
@article{parlar2017using,
  title={Using Data Mining Techniques for Detecting the Important Features of the Bank Direct Marketing Data},
  author={Parlar, Tuba and ACARAVCI, Song{\"u}l Kakilli},
  journal={International Journal of Economics and Financial Issues},
  volume={7},
  number={2},
  pages={692--696},
  year={2017}
}

@article{ngai2009application,
  title={Application of data mining techniques in customer relationship management: A literature review and classification},
  author={Ngai, Eric WT and Xiu, Li and Chau, Dorothy CK},
  journal={Expert systems with applications},
  volume={36},
  number={2},
  pages={2592--2602},
  year={2009},
  publisher={Elsevier}
}
@article{sing2013data,
  title={Data mining framework for direct marketing: A case study of bank marketing},
  author={Sing’oei, Lilian and Wang, Jiayang},
  journal={International Journal of Computer Science Issues (IJCSI)},
  volume={10},
  number={2},
  pages={198--203},
  year={2013}
}
@article{chen2015behavior,
  title={Behavior-aware user response modeling in social media: Learning from diverse heterogeneous data},
  author={Chen, Zhen-Yu and Fan, Zhi-Ping and Sun, Minghe},
  journal={European Journal of Operational Research},
  volume={241},
  number={2},
  pages={422--434},
  year={2015},
  publisher={Elsevier}
}
@inproceedings{pednault2002sequential,
  title={Sequential cost-sensitive decision making with reinforcement learning},
  author={Pednault, Edwin and Abe, Naoki and Zadrozny, Bianca},
  booktitle={Proceedings of the 8th ACM SIGKDD International Conference on Knowledge Discovery and Data Mining},
  pages={259--268},
  year={2002}
}
@inproceedings{silver2013concurrent,
  title={Concurrent reinforcement learning from customer interactions},
  author={Silver, David and Newnham, Leonard and Barker, David and Weller, Suzanne and McFall, Jason},
  booktitle={Proceedings of the 30th International Conference on Machine Learning},
  pages={924--932},
  year={2013}
}
@inproceedings{abe2004cross,
  title={Cross channel optimized marketing by reinforcement learning},
  author={Abe, Naoki and Verma, Naval and Apte, Chid and Schroko, Robert},
  booktitle={Proceedings of the tenth ACM SIGKDD international conference on Knowledge discovery and data mining},
  pages={767--772},
  year={2004},
  organization={ACM}
}
@article{tkachenko2015autonomous,
  title={Autonomous CRM control via CLV approximation with deep reinforcement learning in discrete and continuous action space},
  author={Tkachenko, Yegor},
  journal={arXiv preprint arXiv:1504.01840},
  year={2015}
}
@article{yang2012budget,
  title={A budget optimization framework for search advertisements across markets},
  author={Yang, Yanwu and Zhang, Jie and Qin, Rui and Li, Juanjuan and Wang, Fei-Yue and Qi, Wei},
  journal={IEEE Transactions on Systems, Man, and Cybernetics-Part A: Systems and Humans},
  volume={42},
  number={5},
  pages={1141--1151},
  year={2012},
  publisher={IEEE}
}
@inproceedings{archak2010budget,
  title={Budget optimization for online advertising campaigns with carryover effects},
  author={Archak, Nikolay and Mirrokni, Vahab and Muthukrishnan, S},
  booktitle={Proceedings of 6th Ad Auctions Workshop},
  year={2010},
  pages={1245-1356}
}
@inproceedings{zhang2017multi,
  title={Multi-Channel Marketing with Budget Complementarities},
  author={Zhang, Haifeng and Vorobeychik, Yevgeniy and Procaccia, Ariel D},
  booktitle={Proceedings of the 16th Conference on Autonomous Agents and MultiAgent Systems},
  pages={1232--1240},
  year={2017},
  organization={International Foundation for Autonomous Agents and Multiagent Systems}
}
@article{yang2012budget,
  title={A budget optimization framework for search advertisements across markets},
  author={Yang, Yanwu and Zhang, Jie and Qin, Rui and Li, Juanjuan and Wang, Fei-Yue and Qi, Wei},
  journal={IEEE Transactions on Systems, Man, and Cybernetics-Part A: Systems and Humans},
  volume={42},
  number={5},
  pages={1141--1151},
  year={2012},
  publisher={IEEE}
}
@inproceedings{ding2013multi,
  title={Multi-Armed Bandit with Budget Constraint and Variable Costs.},
  author={Ding, Wenkui and Qin, Tao and Zhang, Xu-Dong and Liu, Tie-Yan},
  booktitle={AAAI},
  year={2013}
}
@inproceedings{boutilier2016budget,
  title={Budget Allocation using Weakly Coupled, Constrained Markov Decision Processes.},
  author={Boutilier, Craig and Lu, Tyler},
  booktitle={Proceedings of the 32nd Conference on Uncertainty in Artificial Intelligence},
  pages={52--61},
  year={2016}
}


@inproceedings{de2017bounding,
  title={Bounding the Probability of Resource Constraint Violations in Multi-Agent MDPs.},
  author={de Nijs, Frits and Walraven, Erwin and de Weerdt, Mathijs Michiel and Spaan, Matthijs TJ},
  booktitle={AAAI},
  pages={3562--3568},
  year={2017}
}
@incollection{williams1992simple,
  title={Simple statistical gradient-following algorithms for connectionist reinforcement learning},
  author={Williams, Ronald J},
  booktitle={Reinforcement Learning},
  pages={5--32},
  year={1992},
  publisher={Springer}
}
@incollection{lange2012batch,
  title={Batch reinforcement learning},
  author={Lange, Sascha and Gabel, Thomas and Riedmiller, Martin},
  booktitle={Reinforcement Learning},
  pages={45--73},
  year={2012},
  publisher={Springer},
  address={Berlin}
}
@article{baxter2001infinite,
  title={Infinite-horizon policy-gradient estimation},
  author={Baxter, Jonathan and Bartlett, Peter L},
  journal={Journal of Artificial Intelligence Research},
  volume={15},
  pages={319--350},
  year={2001}
}
@book{neumann2005reinforcement,
  title={The reinforcement learning toolbox, reinforcement learning for optimal control tasks},
  author={Neumann, Gerhard},
  year={2005},
  publisher={Technischen University Graz},
  address={Diplomarbeit}
}
@inproceedings{konda2000actor,
  title={Actor-critic algorithms},
  author={Konda, Vijay R and Tsitsiklis, John N},
  booktitle={Proceedings of the 14th International Conference on Neural Information Processing Systems},
  pages={1008--1014},
  year={2000}
}
@inproceedings{mnih2013playing,
  title={Playing atari with deep reinforcement learning},
  author={Mnih, Volodymyr and Kavukcuoglu, Koray and Silver, David and Graves, Alex and Antonoglou, Ioannis and Wierstra, Daan and Riedmiller, Martin},
  booktitle={Proceedings of the 27th International Conference on Neural Information Processing Systems},
  pages={54--62},
  year={2013}
}
@article{hochreiter1997long,
  title={Long short-term memory},
  author={Hochreiter, Sepp and Schmidhuber, J{\"u}rgen},
  journal={Neural computation},
  volume={9},
  number={8},
  pages={1735--1780},
  year={1997},
  publisher={MIT Press}
}
@article{watkins1992q,
  title={Q-learning},
  author={Watkins, Christopher JCH and Dayan, Peter},
  journal={Machine Learning},
  volume={8},
  number={3-4},
  pages={279--292},
  year={1992},
  publisher={Springer}
}
@book{rummery1994line,
  title={On-line Q-learning using connectionist systems},
  author={Rummery, Gavin A and Niranjan, Mahesan},
  year={1994},
  publisher={University of Cambridge},
  address={Cambridge}
}
@article{samuel1959some,
  title={Some studies in machine learning using the game of checkers},
  author={Samuel, Arthur L},
  journal={IBM Journal of Research and Development},
  volume={3},
  number={3},
  pages={210--229},
  year={1959},
  publisher={IBM}
}
@article{sutton1988learning,
  title={Learning to predict by the methods of temporal differences},
  author={Sutton, Richard S},
  journal={Machine Learning},
  volume={3},
  number={1},
  pages={9--44},
  year={1988},
  publisher={Springer}
}
@article{bradtke1996linear,
  title={Linear least-squares algorithms for temporal difference learning},
  author={Bradtke, Steven J and Barto, Andrew G},
  journal={Machine Learning},
  volume={22},
  number={1-3},
  pages={33--57},
  year={1996},
  publisher={Springer}
}
@inproceedings{precup2001off,
  title={Off-policy temporal-difference learning with function approximation},
  author={Precup, Doina and Sutton, Richard S and Dasgupta, Sanjoy},
  booktitle={Proceeding of the 18th International Conference on Machine Learning},
  pages={417--424},
  year={2001}
}
@inproceedings{sutton2009convergent,
  title={A Convergent $ O (n) $ Temporal-difference Algorithm for Off-policy Learning with Linear Function Approximation},
  author={Sutton, Richard S and Maei, Hamid R and Szepesv{\'a}ri, Csaba},
  booktitle={Advances in neural information processing systems},
  pages={1609--1616},
  year={2009}
}
@inproceedings{bertsekas1995neuro,
  title={Neuro-dynamic programming: an overview},
  author={Bertsekas, Dimitri P and Tsitsiklis, John N},
  booktitle={Proceedings of the 34th IEEE Conference on Decision and Control },
  pages={560--564},
  year={1995}
}
@article{dwyer1997customer,
  title={Customer lifetime valuation to support marketing decision making},
  author={Dwyer, F Robert},
  journal={Journal of interactive marketing},
  volume={11},
  number={4},
  pages={6--13},
  year={1997},
  publisher={Elsevier}
}
@inproceedings{littman2002predictive,
  title={Predictive representations of state},
  author={Littman, Michael L and Sutton, Richard S},
  booktitle={Proceedings of 16th International Conference on Neural Information Processing Systems},
  pages={1555--1561},
  year={2002}
}


@article{mnih2015human,
  title={Human-level control through deep reinforcement learning},
  author={Mnih, Volodymyr and Kavukcuoglu, Koray and Silver, David and Rusu, Andrei A and Veness, Joel and Bellemare, Marc G and Graves, Alex and Riedmiller, Martin and Fidjeland, Andreas K and Ostrovski, Georg and others},
  journal={Nature},
  volume={518},
  number={7540},
  pages={529},
  year={2015},
  publisher={Nature Publishing Group}
}
@article{ormoneit2002kernel,
  title={Kernel-based reinforcement learning},
  author={Ormoneit, Dirk and Sen, {\'S}aunak},
  journal={Machine learning},
  volume={49},
  number={2-3},
  pages={161--178},
  year={2002},
  publisher={Springer}
}
@article{xu2005kernel,
  title={Kernel least-squares temporal difference learning},
  author={Xu, Xin and Xie, Tao and Hu, Dewen and Lu, Xicheng},
  journal={International Journal of Information Technology},
  volume={11},
  number={9},
  pages={54--63},
  year={2005}
}
@article{xu2007kernel,
  title={Kernel-based least squares policy iteration for reinforcement learning},
  author={Xu, Xin and Hu, Dewen and Lu, Xicheng},
  journal={IEEE Transactions on Neural Networks},
  volume={18},
  number={4},
  pages={973--992},
  year={2007},
  publisher={IEEE}
}
@article{dwyer1997customer,
  title={Customer lifetime valuation to support marketing decision making},
  author={Dwyer, F Robert},
  journal={Journal of interactive marketing},
  volume={11},
  number={4},
  pages={6--13},
  year={1997},
  publisher={Elsevier}
}
@article{kaelbling1998planning,
  title={Planning and acting in partially observable stochastic domains},
  author={Kaelbling, Leslie Pack and Littman, Michael L and Cassandra, Anthony R},
  journal={Artificial Intelligence},
  volume={101},
  number={1-2},
  pages={99--134},
  year={1998},
  publisher={Elsevier}
}
@article{bersini1997simplification,
  title={A simplification of the backpropagation-through-time algorithm for optimal neurocontrol},
  author={Bersini, Hugues and Gorrini, Vittorio},
  journal={IEEE Transactions on Neural Networks},
  volume={8},
  number={2},
  pages={437--441},
  year={1997},
  publisher={IEEE}
}
@inproceedings{bakker2002reinforcement,
  title={Reinforcement learning with long short-term memory},
  author={Bakker, Bram},
  booktitle={Proceedings of the 16th International Conference on Neural Information Processing Systems},
  pages={1475--1482},
  year={2002}
}
@inproceedings{hausknecht2015deep,
  title={Deep recurrent q-learning for partially observable mdps},
  author={Hausknecht, Matthew and Stone, Peter},
  booktitle={AAAI Fall Symposium},
  year={2015}
}
@techreport{lin1993reinforcement,
  title={Reinforcement learning for robots using neural networks},
  author={Lin, Long-Ji},
  year={1993},
  institution={School of Computer Science Carnegie Mellon University},
  address={Pittsburgh}
}
@article{narasimhan2015language,
  title={Language understanding for text-based games using deep reinforcement learning},
  author={Narasimhan, Karthik and Kulkarni, Tejas and Barzilay, Regina},
  journal={Proceedings of the 20th Conference on Empirical Methods in Natural Language Processing},
  year={2015},
  pages={1–11}
}
@inproceedings{pineau2003point,
  title={Point-based value iteration: An anytime algorithm for POMDPs},
  author={Pineau, Joelle and Gordon, Geoff and Thrun, Sebastian and others},
  booktitle={Procedings of 23rd International Joint Conference on Artificial Intelligence},
  pages={1025--1032},
  year={2003}
}
@article{williams2007partially,
  title={Partially observable Markov decision processes for spoken dialog systems},
  author={Williams, Jason D and Young, Steve},
  journal={Computer Speech \& Language},
  volume={21},
  number={2},
  pages={393--422},
  year={2007},
  publisher={Elsevier}
}
@article{deng2014deep,
  title={Deep learning: methods and applications},
  author={Deng, Li and Yu, Dong and others},
  journal={Foundations and Trends in Signal Processing},
  volume={7},
  number={3--4},
  pages={197--387},
  year={2014},
  publisher={Now Publishers, Inc.}
}


@article{knuth84,
  author    = {Donald E. Knuth},
  title     = {Literate Programming},
  journal   = {The Computer Journal},
  year      = {1984},
  number    = {2},
  volume    = {27},
  pages     = {97--111},
}

@book{knuth86a,
  author    = {Donald E. Knuth},
  title     = {The {\TeX}book},
  volume    = {A},
  publisher = {Addison-Wesley},
  address   = {Reading, MA, USA},
  year      = {1986},
  series    = {Computers and Typesetting},
}

@book{lamport94,
  author    = {Leslie Lamport},
  title     = {{\LaTeX}: a Document Preparation System},
  publisher = {Addison-Wesley},
  address   = {Reading, MA, USA},
  edition   = {2},
  year      = {1994},
}

@book{tlc2,
  author    = {Frank Mittelbach and Michel Goossens and Johannes
                 Braams and David Carlisle},
  title     = {The {\LaTeX} Companion},
  publisher = {Addison-Wesley},
  address   = {Reading, MA, USA},
  edition   = {2},
  year      = {2004},
}

@collection{slg,
  editor    = {孙立广},
  title     = {顶级期刊论文摘要汇编（1999--2010）},
  address   = {合肥},
  publisher = {中国科学技术大学出版社},
  year      = {2016},
  pages     = {222},
}

@book{lyc,
  author    = {李泳池},
  title     = {张量初步和近代连续介质力学概论},
  edition   = {2},
  address   = {合肥},
  publisher = {中国科学技术大学出版社},
  year      = {2016},
  pages     = {61},
}

@book{ljs,
  author    = {刘景双},
  title     = {湿地生态系统碳、氮、硫、磷生物地球化学过程},
  address   = {合肥},
  publisher = {中国科学技术大学出版社},
  year      = {2014},
}

@incollection{cgw,
  author    = {程根伟},
  title     = {1998年长江洪水的成因与减灾对策},
  editor    = {许厚泽 and 赵其国},
  booktitle = {长江流域洪涝灾害与科技对策},
  address   = {北京},
  publisher = {科学出版社},
  year      = {1999},
  pages     = {26--32},
}

@incollection{cjb,
  author    = {陈晋镳 and 张惠民 and 朱士兴 and 赵震 and 王振刚},
  title     = {蓟县震旦亚界研究},
  editor    = {中国地质科学院天津地质矿产研究所},
  booktitle = {中国震旦亚界},
  address   = {天津},
  publisher = {天津科学技术出版社},
  year      = {1980},
  pages     = {56--114},
}

@article{kqy,
  author    = {孔庆勇 and 郭红健 and 孔庆和},
  title     = {我国科技期刊的金字塔分层模型及发展路径初探},
  journal   = {中国科技期刊研究},
  year      = {2015},
  volume    = {26},
  number    = {10},
  pages     = {1100--1103},
}

@article{yhs,
  author    = {杨洪升},
  title     = {四库馆私家抄校书考略},
  journal   = {文献},
  year      = {2013},
  number    = {1},
  pages     = {56--75},
}

@article{yx,
  author    = {于潇 and 刘义 and 柴跃廷 and others},
  title     = {互联网药品可信交易环境中主体资质审核备案模式},
  journal   = {清华大学学报(自然科学版)},
  year      = {2012},
  volume    = {52},
  number    = {11},
  pages     = {1518--1521},
}

@newspaper{dwx,
  author    = {丁文详},
  title     = {数字革命与竞争国际化},
  journal   = {中国青年报},
  year      = {2000},
  date      = {2000-11-20},
  number    = {15},
}

@patent{jxz,
  author    = {姜锡洲},
  title     = {一种温热外敷药制备方案：中国，88105607.3},
  year      = {1989},
  date      = {1989-07-26},
}

@database{wjk,
  author    = {万锦坤},
  title     = {中国大学学报论文文摘（1983--1993）（英文版）},
  medium    = {CD},
  address   = {北京},
  publisher = {中国大百科全书出版社},
  year      = {1996},
}

@phdthesis{syw,
  author    = {孙玉文},
  title     = {汉语变调构词研究},
  address   = {北京},
  school    = {北京大学},
  year      = {2000},
}

@article{wf,
  author    = {文富 and 顾丽梅},
  title     = {网络时代经济发展战略特征},
  journal   = {学术研究},
  year      = {2000},
  volume    = {21},
  number    = {4},
  pages     = {35--40},
}

@book{xd,
  author    = {肖度 and others},
  title     = {知识时代的企业合作经营},
  address   = {北京},
  publisher = {北京大学出版社},
  year      = {2000},
  pages     = {67--69},
}

@article{twh,
  author    = {{The White House}},
  journal   = {Technology for Economic Growth},
  address   = {Washington},
  year      = {1993},
}

@article{huston,
  author    = {Hutson, J M},
  journal   = {J. Phys. Chem.},
  year      = {1992},
  volume    = {96},
  pages     = {4237},
}
